<record><leader>00000cas a2200000 a 4500</leader><controlfield tag="001">9837814</controlfield><controlfield tag="008">830823d19231998nyudr ne      0   a0eng c</controlfield><datafield ind1=" " ind2=" " tag="010"><subfield code="a">sn 83031338 </subfield></datafield><datafield ind1=" " ind2=" " tag="040"><subfield code="a">NPU</subfield><subfield code="b">eng</subfield><subfield code="c">NPU</subfield><subfield code="d">NYS</subfield><subfield code="d">NSD</subfield><subfield code="d">NYS</subfield><subfield code="d">OCLCQ</subfield><subfield code="d">OCLCO</subfield></datafield><datafield ind1=" " ind2=" " tag="012"><subfield code="m">1</subfield></datafield><datafield ind1="1" ind2=" " tag="022"><subfield code="a">1060-4618</subfield><subfield code="l">1060-4618</subfield><subfield code="2">1</subfield></datafield><datafield ind1="1" ind2=" " tag="029"><subfield code="a">AU@</subfield><subfield code="b">000020227119</subfield></datafield><datafield ind1=" " ind2=" " tag="032"><subfield code="a">518360</subfield><subfield code="b">USPS</subfield></datafield><datafield ind1=" " ind2=" " tag="042"><subfield code="a">pcc</subfield><subfield code="a">nsdp</subfield></datafield><datafield ind1=" " ind2=" " tag="043"><subfield code="a">n-us-ny</subfield></datafield><datafield ind1=" " ind2="4" tag="222"><subfield code="a">The Standard-star</subfield><subfield code="b">(White Plains, N.Y.)</subfield></datafield><datafield ind1="0" ind2="4" tag="245"><subfield code="a">The Standard-star.</subfield></datafield><datafield ind1=" " ind2=" " tag="260"><subfield code="a">New Rochelle, N.Y. :</subfield><subfield code="b">Westchester Newspapers, Inc.</subfield></datafield><datafield ind1=" " ind2=" " tag="300"><subfield code="a">v. :</subfield><subfield code="b">ill. ;</subfield><subfield code="c">58 cm.</subfield></datafield><datafield ind1=" " ind2=" " tag="310"><subfield code="a">Daily</subfield></datafield><datafield ind1="0" ind2=" " tag="362"><subfield code="a">Vol. 1, no. 1 (July 2, 1923)-</subfield></datafield><datafield ind1="1" ind2=" " tag="362"><subfield code="a">Ceased Oct. 1998.</subfield></datafield><datafield ind1=" " ind2=" " tag="500"><subfield code="a">"Independent." Cf. Ayer, 1982.</subfield></datafield><datafield ind1=" " ind2=" " tag="500"><subfield code="a">Editor: Florence Solamone, &lt;1955-81&gt;.</subfield></datafield><datafield ind1=" " ind2=" " tag="500"><subfield code="a">Publisher and Editor: Harold T. Forbes &lt;1923-&gt;</subfield></datafield><datafield ind1=" " ind2=" " tag="500"><subfield code="a">Published: White Plains, NY : Gannett Surburban Newspapers, &lt;Oct. 1, 1991&gt;-</subfield></datafield><datafield ind1=" " ind2=" " tag="525"><subfield code="a">Issue of June 13, 1938 is a special edition of 104 pages.</subfield></datafield><datafield ind1=" " ind2=" " tag="580"><subfield code="a">Formed by union of: Star (New Rochelle, N.Y.), and Evening Standard (New Rochelle, N.Y.).</subfield></datafield><datafield ind1=" " ind2=" " tag="580"><subfield code="a">Merged with: Herald statesman, and: Reporter dispatch, and: Citizen register, and: Tarrytown daily news (White Plains, N.Y.), and: Mount Vernon Argus (White Plains, N.Y.), and: Daily item (Port Chester, N.Y.), and: Daily times (Mamaroneck, N.Y.), and: Star (White Plains, N.Y.), and: Putnam reporter dispatch, and: Rockland journal-news, to form: Journal news (White Plains, N.Y.).</subfield></datafield><datafield ind1=" " ind2=" " tag="588"><subfield code="a">Description based on: Vol. 15, no. 291 (June 13, 1938).</subfield></datafield><datafield ind1=" " ind2=" " tag="588"><subfield code="a">Latest issue consulted: Vol. 70, no. 93 (Tuesday, Oct. 1, 1991).</subfield></datafield><datafield ind1=" " ind2="0" tag="651"><subfield code="a">White Plains (N.Y.)</subfield><subfield code="v">Newspapers.</subfield></datafield><datafield ind1=" " ind2="0" tag="651"><subfield code="a">New Rochelle (N.Y.)</subfield><subfield code="v">Newspapers.</subfield></datafield><datafield ind1=" " ind2="0" tag="651"><subfield code="a">Pehlham (N.Y.)</subfield><subfield code="v">Newspapers.</subfield></datafield><datafield ind1=" " ind2=" " tag="752"><subfield code="a">United States</subfield><subfield code="b">New York</subfield><subfield code="c">Westchester</subfield><subfield code="d">New Rochelle.</subfield></datafield><datafield ind1=" " ind2=" " tag="752"><subfield code="a">United States</subfield><subfield code="b">New York</subfield><subfield code="c">Westchester</subfield><subfield code="d">White Plains.</subfield></datafield><datafield ind1=" " ind2=" " tag="752"><subfield code="a">United States</subfield><subfield code="b">New York</subfield><subfield code="c">Westchester</subfield><subfield code="d">Pelham.</subfield></datafield><datafield ind1="0" ind2="4" tag="780"><subfield code="t">Evening standard (New Rochelle, N.Y.)</subfield><subfield code="w">(DLC)sn 92061724</subfield><subfield code="w">(OCoLC)25183800</subfield></datafield><datafield ind1="0" ind2="4" tag="780"><subfield code="t">Star (New Rochelle, N.Y.)</subfield><subfield code="d">Sept. 1911-June 30, 1923</subfield></datafield><datafield ind1="1" ind2="7" tag="785"><subfield code="t">Herald statesman</subfield><subfield code="x">1060-460X</subfield><subfield code="w">(DLC)sn 83031716</subfield><subfield code="w">(OCoLC)10088884</subfield></datafield><datafield ind1="1" ind2="7" tag="785"><subfield code="t">Reporter dispatch</subfield><subfield code="w">(DLC)sn 91066514</subfield><subfield code="w">(OCoLC)9579610</subfield></datafield><datafield ind1="1" ind2="7" tag="785"><subfield code="t">Citizen register</subfield><subfield code="x">1060-4588</subfield><subfield code="w">(DLC)sn 91066437</subfield><subfield code="w">(OCoLC)23606133</subfield></datafield><datafield ind1="1" ind2="7" tag="785"><subfield code="t">Tarrytown daily news (White Plains, N.Y.)</subfield><subfield code="w">(OCoLC)35004954</subfield></datafield><datafield ind1="1" ind2="7" tag="785"><subfield code="t">Mount Vernon Argus (White Plains, N.Y.)</subfield><subfield code="w">(OCoLC)41557311</subfield></datafield><datafield ind1="1" ind2="7" tag="785"><subfield code="t">Daily item (Port Chester, N.Y.)</subfield><subfield code="x">1060-4553</subfield><subfield code="w">(DLC)sn 84031521</subfield><subfield code="w">(OCoLC)11071958</subfield></datafield><datafield ind1="1" ind2="7" tag="785"><subfield code="t">Daily times (Mamaroneck, N.Y.)</subfield><subfield code="x">1060-4561</subfield><subfield code="w">(DLC)sn 83031572</subfield><subfield code="w">(OCoLC)10002375</subfield></datafield><datafield ind1="1" ind2="7" tag="785"><subfield code="t">Star (White Plains, N.Y.)</subfield><subfield code="x">1040-0826</subfield><subfield code="w">(DLC)sn 88002037</subfield><subfield code="w">(OCoLC)18315664</subfield></datafield><datafield ind1="1" ind2="7" tag="785"><subfield code="t">Putnam reporter dispatch</subfield><subfield code="w">(DLC)sn 92061856</subfield><subfield code="w">(OCoLC)26267596</subfield></datafield><datafield ind1="1" ind2="7" tag="785"><subfield code="t">Rockland journal-news</subfield><subfield code="w">(DLC)sn 91066008</subfield><subfield code="w">(OCoLC)23137874</subfield></datafield><datafield ind1="1" ind2="7" tag="785"><subfield code="t">Journal news (White Plains, N.Y.)</subfield><subfield code="w">(DLC)sn 99067208</subfield><subfield code="w">(OCoLC)40979145</subfield></datafield></record>